<?xml version="1.0" encoding="UTF-8"?><record xmlns="http://www.loc.gov/MARC21/slim" xmlns:cinclude="http://apache.org/cocoon/include/1.0" xmlns:zs="http://www.loc.gov/zing/srw/">
  <leader>00614cz  a2200169n  4500</leader>
  <controlfield tag="001">n  85279693 </controlfield>
  <controlfield tag="003">DLC</controlfield>
  <controlfield tag="005">20090209094238.0</controlfield>
  <controlfield tag="008">860514n| acannaabn          |a ana     c</controlfield>
  <datafield tag="010" ind1=" " ind2=" ">
    <subfield code="a">n  85279693 </subfield>
  </datafield>
  <datafield tag="035" ind1=" " ind2=" ">
    <subfield code="a">(OCoLC)oca01579094</subfield>
  </datafield>
  <datafield tag="040" ind1=" " ind2=" ">
    <subfield code="a">NjP</subfield>
    <subfield code="b">eng</subfield>
    <subfield code="c">DLC</subfield>
    <subfield code="d">DLC</subfield>
    <subfield code="d">OCoLC</subfield>
  </datafield>
  <datafield tag="110" ind1="2" ind2=" ">
    <subfield code="a">San Pietro di Biasca (Church : Biasca, Switzerland)</subfield>
  </datafield>
  <datafield tag="410" ind1="2" ind2=" ">
    <subfield code="a">Chiesa di San Pietro in Biasca (Switzerland)</subfield>
  </datafield>
  <datafield tag="410" ind1="2" ind2=" ">
    <subfield code="a">S. Pietro (Church : Biasca, Switzerland)</subfield>
  </datafield>
  <datafield tag="670" ind1=" " ind2=" ">
    <subfield code="a">San Pietro di Biasca, 1967:</subfield>
    <subfield code="b">p. 121 (la chiesa di S. Pietro in Biasca)</subfield>
  </datafield>
  <datafield tag="670" ind1=" " ind2=" ">
    <subfield code="a">Encic. ital.</subfield>
    <subfield code="b">(under Biasca: S. Pietro, most notable of the churches)</subfield>
  </datafield>
</record>